@inproceedings{orig,
  author    = {Franz Baader and
               Rafael Pe{\~{n}}aloza and
               Boontawee Suntisrivaraporn},
  title     = {Pinpointing in the Description Logic {EL}},
  booktitle = {Proceedings of the 2007 International Workshop on Description Logics
               (DL2007), Brixen-Bressanone, near Bozen-Bolzano, Italy, 8-10 June,
               2007},
  year      = {2007},
  crossref  = {DBLP:conf/dlog/2007},
  url       = {http://ceur-ws.org/Vol-250/paper_16.pdf},
  timestamp = {Mon, 30 May 2016 16:57:35 +0200},
  biburl    = {http://dblp.org/rec/bib/conf/dlog/BaaderPS07},
  bibsource = {dblp computer science bibliography, http://dblp.org}
}

@proceedings{DBLP:conf/dlog/2007,
  editor    = {Diego Calvanese and
               Enrico Franconi and
               Volker Haarslev and
               Domenico Lembo and
               Boris Motik and
               Anni{-}Yasmin Turhan and
               Sergio Tessaris},
  title     = {Proceedings of the 2007 International Workshop on Description Logics
               (DL2007), Brixen-Bressanone, near Bozen-Bolzano, Italy, 8-10 June,
               2007},
  series    = {{CEUR} Workshop Proceedings},
  volume    = {250},
  publisher = {CEUR-WS.org},
  year      = {2007},
  url       = {http://ceur-ws.org/Vol-250},
  urn       = {urn:nbn:de:0074-250-4},
  timestamp = {Mon, 30 May 2016 16:57:35 +0200},
  biburl    = {http://dblp.org/rec/bib/conf/dlog/2007},
  bibsource = {dblp computer science bibliography, http://dblp.org}
}

@proceedings{DBLP:conf/gi/2009diss,
  editor    = {Steffen H{\"{o}}lldobler},
  title     = {Ausgezeichnete Informatikdissertationen 2009},
  series    = {{LNI}},
  volume    = {{D-10}},
  publisher = {{GI}},
  year      = {2010},
  isbn      = {978-3-88579-414-1},
  timestamp = {Mon, 11 Jun 2012 16:39:41 +0200},
  biburl    = {http://dblp.org/rec/bib/conf/gi/2009diss},
  bibsource = {dblp computer science bibliography, http://dblp.org}
}

@inproceedings{hard,
  author    = {Rafael Pe{\~{n}}aloza and
               Baris Sertkaya},
  title     = {Axiom Pinpointing is Hard},
  booktitle = {Proceedings of the 22nd International Workshop on Description Logics
               {(DL} 2009), Oxford, UK, July 27-30, 2009},
  year      = {2009},
  crossref  = {DBLP:conf/dlog/2009},
  url       = {http://ceur-ws.org/Vol-477/paper_39.pdf},
  timestamp = {Mon, 30 May 2016 16:57:35 +0200},
  biburl    = {http://dblp.org/rec/bib/conf/dlog/PenalozaS09},
  bibsource = {dblp computer science bibliography, http://dblp.org}
}

@proceedings{DBLP:conf/dlog/2009,
  editor    = {Bernardo Cuenca Grau and
               Ian Horrocks and
               Boris Motik and
               Ulrike Sattler},
  title     = {Proceedings of the 22nd International Workshop on Description Logics
               {(DL} 2009), Oxford, UK, July 27-30, 2009},
  series    = {{CEUR} Workshop Proceedings},
  volume    = {477},
  publisher = {CEUR-WS.org},
  year      = {2009},
  url       = {http://ceur-ws.org/Vol-477},
  urn       = {urn:nbn:de:0074-477-1},
  timestamp = {Mon, 30 May 2016 16:57:35 +0200},
  biburl    = {http://dblp.org/rec/bib/conf/dlog/2009},
  bibsource = {dblp computer science bibliography, http://dblp.org}
}

@phdthesis{pendiss,
  author    = {Rafael Pe{\~{n}}aloza Nyssen},
  title     = {Axiom pinpointing in description logics and beyond},
  school    = {Dresden University of Technology},
  year      = {2009},
  url       = {http://nbn-resolving.de/urn:nbn:de:bsz:14-qucosa-24743},
  urn       = {urn:nbn:de:bsz:14-qucosa-24743},
  timestamp = {Mon, 05 Dec 2016 17:12:38 +0100},
  biburl    = {http://dblp.org/rec/bib/phd/de/Nyssen2009a},
  bibsource = {dblp computer science bibliography, http://dblp.org}
}

@inproceedings{effres,
  author    = {Franz Baader and
               Carsten Lutz and
               Boontawee Suntisrivaraporn},
  title     = {Efficient Reasoning in \emph{EL+}},
  booktitle = {Proceedings of the 2006 International Workshop on Description Logics
               (DL2006), Windermere, Lake District, UK, May 30 - June 1, 2006},
  year      = {2006},
  crossref  = {DBLP:conf/dlog/2006},
  url       = {http://ceur-ws.org/Vol-189/submission_8.pdf},
  timestamp = {Mon, 30 May 2016 17:03:36 +0200},
  biburl    = {http://dblp.org/rec/bib/conf/dlog/BaaderLS06},
  bibsource = {dblp computer science bibliography, http://dblp.org}
}

@proceedings{DBLP:conf/dlog/2006,
  editor    = {Bijan Parsia and
               Ulrike Sattler and
               David Toman},
  title     = {Proceedings of the 2006 International Workshop on Description Logics
               (DL2006), Windermere, Lake District, UK, May 30 - June 1, 2006},
  series    = {{CEUR} Workshop Proceedings},
  volume    = {189},
  publisher = {CEUR-WS.org},
  year      = {2006},
  url       = {http://ceur-ws.org/Vol-189},
  urn       = {urn:nbn:de:0074-189-6},
  timestamp = {Mon, 30 May 2016 17:03:36 +0200},
  biburl    = {http://dblp.org/rec/bib/conf/dlog/2006},
  bibsource = {dblp computer science bibliography, http://dblp.org}
}

@inproceedings{pinmed,
  author    = {Franz Baader and
               Boontawee Suntisrivaraporn},
  title     = {Debugging {SNOMED} {CT} Using Axiom Pinpointing in the Description
               Logic {EL+}},
  booktitle = {Proceedings of the Third International Conference on Knowledge Representation
               in Medicine, Phoenix, Arizona, USA, May 31st - June 2nd, 2008},
  year      = {2008},
  crossref  = {DBLP:conf/krmed/2008},
  url       = {http://ceur-ws.org/Vol-410/Paper01.pdf},
  timestamp = {Mon, 30 May 2016 16:57:35 +0200},
  biburl    = {http://dblp.org/rec/bib/conf/krmed/BaaderS08},
  bibsource = {dblp computer science bibliography, http://dblp.org}
}

@proceedings{DBLP:conf/krmed/2008,
  editor    = {Ronald Cornet and
               Kent A. Spackman},
  title     = {Proceedings of the Third International Conference on Knowledge Representation
               in Medicine, Phoenix, Arizona, USA, May 31st - June 2nd, 2008},
  series    = {{CEUR} Workshop Proceedings},
  volume    = {410},
  publisher = {CEUR-WS.org},
  year      = {2008},
  url       = {http://ceur-ws.org/Vol-410},
  urn       = {urn:nbn:de:0074-410-7},
  timestamp = {Mon, 30 May 2016 16:57:35 +0200},
  biburl    = {http://dblp.org/rec/bib/conf/krmed/2008},
  bibsource = {dblp computer science bibliography, http://dblp.org}
}
